@String{cgforum = "Computer Graphics Forum"}
@String{tog = "ACM TOG"}

@article{Buhmann:1998:DCQ,
	AUTHOR = {J. M. Buhmann and D. W. Fellner and M. Held and J.
		Ketterer and J. Puzicha},
	TITLE = {Dithered Color Quantization},
	JOURNAL = cgforum,
	EDITOR = {N. Ferreira and M. G\"{o}bel},
	VOLUME = {17},	NUMBER = {3},
	MONTH = Sep,	YEAR = {1998},	PAGES = {C219-C231},
	DOI = {10.1111/1467-8659.00269},
  NOTE = {(Proc. Eurographics'98)
	       \httpsAddr{//diglib.eg.org/handle/10.2312/8491}} }

@ARTICLE{Fellner-Helmberg93,
	AUTHOR = {Fellner, Dieter W. and Helmberg, Christoph},
	TITLE = {Robust Rendering of General Ellipses and Elliptical Arcs},
	JOURNAL = tog,
	VOLUME = {12},	NUMBER = {3},
	MONTH = Jul,	YEAR = {1993},	PAGES = {251-276},
  DOI= {10.1145/169711.169704}
  }

@BOOK (FolDamFeiHug.etal93,
	AUTHOR = {Foley, James D. and van Dam, Andries and
		Feiner, Stephen K. and Hughes, John F. and Phillips, R.},
	TITLE = {Introduction to Computer Graphics},
	PUBLISHER = {Addison-Wesley},
	YEAR = {1993} )

@ARTICLE{Kobbelt97-USHDR,
	author = {L. Kobbelt and M. Stamminger and H.-P. Seidel},
	title = {Using Subdivision on Hierarchical Data to Reconstruct Radiosity
		Distribution},
	JOURNAL = cgforum,
	volume = 16,	number = 3,	pages = {C347-C355},
	year = 1997,
	DOI = {10.1111/1467-8659.16.3conferenceissue.36},
	note = {(Proc. Eurographics'97)
	       \httpsAddr{//diglib.eg.org/handle/10.2312/8393}} }

@INPROCEEDINGS{Lafortune97-NARF,
	author = {Eric P. Lafortune and Sing-Choong Foo and Kenneth E. Torrance and
		Donald P. Greenberg},
	title = {Non-Linear Approximation of Reflectance Functions},
	booktitle = {Proc. SIGGRAPH '97},
	volume = 31,	pages = {117-126},
	year = 1997,
	DOI = {10.1145/258734.258801}
  }

@ARTICLE (Lous90,
	AUTHOR = {Y. Le Lous},
	TITLE = {Report on the {F}irst {E}urographics {W}orkshop on {V}isualization in
		{S}cientific {C}omputing},
	JOURNAL = cgforum,
	VOLUME = {9},	NUMBER = {4},
	MONTH = dec,	YEAR = {1990},	PAGES = {371-372},
  DOI= {10.1111/j.1467-8659.1990.tb00430.x}
  )

@ARTICLE (Seidel93,
	AUTHOR = {Seidel, Hans-Peter},
	TITLE = {Polar Forms for Geometrically Continuous Spline Curves of
		Arbitrary Degree},
	JOURNAL = tog,
	VOLUME = {12},	NUMBER = {1},
	MONTH = Jan,	YEAR = {1993},	PAGES = {1-34},
  DOI= {10.1145/169728.169726}
  )
    @manual{ICOM:2020,
      title  = "Statement on the necessity for relief funds for museums during the COVID-19 crisis",
      author = "{international
council
of museums}",
	url = {https://icom.museum/en/news/statement-on-the-necessity-for-relief-funds-for-museums-during-the-covid-19-crisis/},
      year   = "2020 (accessed July 22, 2020)"
    }
    @manual{ofcom:2020,
      title  = "Report: Most important data on digital audiences during coronavirus",
      author = "{Simon Kemp}",
	url = {http://thenextweb.com/growth-quarters/2020/04/24/report-most-important-data-on-digital-audiences-during-coronavirus/},
      year   = "2020 (accessed July 22, 2020)"
    }
    @manual{nationalmuseums:2020,
      title  = "National Museum Directors' Council",
      author = "{National Museum Directors' Council}",
	url = {https://www.nationalmuseums.org.uk/},
      year   = "2020 (accessed July 22, 2020)"
    }
    @manual{Audiences2020,
      title  = "Empathetic Audience Engagement During The Apocalypse",
      author = "Andrea Jones",
	url = {https://www.peakexperiencelab.com/blog/2020/3/25/empathetic-audience-engagement-during-the-apocalypse},
      year   = "2020 (accessed July 22, 2020)"
    }
     @manual{ex2020,
      title  = "Exeter museum crossing digital divide during lockdown",
	  url = {http://rammuseum.org.uk/exeter-museum-crossing-digital-divide-during-lockdown/},
       year   = "2020 (accessed July 22, 2020)"
    }    
    @manual{man2020,
      title  = "Resources for Carers",
	url = {https://www.mminquarantine.com/resources-for-carers},
      year   = "2020 (accessed July 22, 2020)"
    }
    @manual{getty2020,
    	author = "Julian Brooks",
      title  = "Last-Minute Michelangelo",
	url = {https://blogs.getty.edu/iris/last-minute-michelangelo/},
      year   = "2020 (accessed July 25, 2020)"
    }

@BOOK (Drot19,
	AUTHOR = {Drotner, Kirsten and Dziekan, Vince and Parry, Ross and {Christian Schr√∏der},Kim },
	TITLE = {The Routledge Handbook of Museums, Media and Communication},
	PUBLISHER = {Routledge International Handbooks},
	YEAR = {2019} )
@techreport{NetworkofEuropeanMuseumOrganisations20201,
author = {{Network of European Museum Organisations}},
title = {{Initiatives and actions of the museums in the corona crisis}},
url = {https://www.ne-mo.org/fileadmin/Dateien/public/NEMO_documents/Initiatives_of_museums_in_times_of_corona_4_20.pdf},
year = {2020}
}
@misc{InternationalCouncilofMuseums2020,
author = {{International Council of Museums}},
booktitle = {ICOM website},
title = {{How to reach your public remotely}},
url = {https://icom.museum/en/news/how-to-reach-and-engage-your-public-remotely},
year = {2020}
}
@misc{Ciecko2020,
author = {Ciecko, Brendan},
booktitle = {American Alliance of Museums website},
keywords = {Covid},
title = {{4 Ways Museums Can Successfully Leverage Digital Content and Channels during Coronavirus (COVID-19)}},
url = {https://www.aam-us.org/2020/03/25/4-ways-museums-can-successfully-leverage-digital-content-and-channels-during-coronavirus-covid-19},
year = {2020}
}
@misc{MuseumsAssociation2020,
author = {{Museums Association}},
booktitle = {Museums Association website},
keywords = {Covid},
title = {{Covid-19: Urgent demands to protect museum workers and our sector}},
url = {https://www.museumsassociation.org/news/17032020-covid-19-urgent-demands-protect-museum-workers-and-sector},
year = {2020}
}
@misc{InternationalCouncilofMuseums2020a,
author = {{International Council of Museums}},
booktitle = {ICOM website},
keywords = {Covid},
title = {{Museums and COVID-19: 8 steps to support community resilience}},
url = {https://icom.museum/en/news/museums-and-covid-19-8-steps-to-support-community-resilience},
year = {2020}
}
@misc{Olorunshola2020,
author = {Olorunshola, Yosola},
booktitle = {Museums Association website},
keywords = {Covid},
title = {{Practical ways museums can contribute during the Covid-19 crisis}},
url = {https://www.museumsassociation.org/museums-journal/news/26032020-practical-ways-museums-can-contribute-Covid-19},
year = {2020}
}
@misc{Merritt2020,
author = {Merritt, Elizabeth},
booktitle = {American Alliance of Museums website},
keywords = {Covid},
title = {{Using Scenarios to Plan Your Museum's COVID-19 (Coronavirus) Response}},
url = {https://www.aam-us.org/2020/03/13/using-scenarios-to-plan-your-museums-covid-19-coronavirus-response},
year = {2020}
}
@misc{McGivern2020,
author = {McGivern, Hannah and Kenney, Nancy},
booktitle = {The Art Newspaper},
keywords = {Covid},
month = {mar},
title = {{Here are the museums that have closed (so far) due to coronavirus}},
url = {https://www.theartnewspaper.com/news/here-are-the-museums-that-have-closed-due-to-coronavirus},
year = {2020}
}
@misc{KendallAdams2020,
author = {{Kendall Adams}, Geraldine},
booktitle = {Museums Association website},
keywords = {Covid},
mendeley-tags = {Covid},
title = {{Museums and galleries close as coronavirus emergency intensifies}},
url = {https://www.museumsassociation.org/museums-journal/news/17032020-museum-closures-coronavirus-covid-19},
year = {2020}
}
@techreport{HeritageFund2020,
author = {{Heritage Fund}},
keywords = {Covid2},
mendeley-tags = {Covid2},
title = {{Digital Attitudes and Skills for Heritage: what we have learned so far}},
url = {https://www.heritagefund.org.uk/stories/digital-attitudes-and-skills-heritage-what-we-have-learned-so-far},
year = {2020}
}
@techreport{WaferHadley2020,
author = {{Wafer Hadley}},
file = {:Users/myrsinisamaroudi/Documents/Mendeley/art-fund-covid19-research-report-final.pdf:pdf},
institution = {Art Fund},
keywords = {Covid},
mendeley-tags = {Covid},
title = {{COVID-19 Impact: Museum Sector Research Findings}},
url = {https://www.artfund.org/assets/downloads/art-fund-covid19-research-report-final.pdf},
year = {2020}
}
@techreport{NetworkofEuropeanMuseumOrganisations20202,
author = {{Network of European Museum Organisations}},
file = {:Users/myrsinisamaroudi/Documents/Mendeley/NEMO{\_}COVID19{\_}Report{\_}12.05.2020.pdf:pdf},
keywords = {Covid},
mendeley-tags = {Covid},
number = {May},
title = {{Survey on the impact of the COVID-19 situation on museums in Europe Findings and Recommendations}},
url = {https://www.ne-mo.org/news/article/nemo/nemo-report-on-the-impact-of-covid-19-on-museums-in-europe.html?fbclid=IwAR0KZANwU6HVAwEXJSNyyGEhP88TxcLIVSCRjpoeELAZXHlotkA11qmeIHw},
year = {2020}
}
@techreport{UNESCO2020,
author = {UNESCO},
file = {:Users/myrsinisamaroudi/Documents/Mendeley/373530eng.pdf:pdf},
keywords = {Covid},
mendeley-tags = {Covid},
number = {May},
title = {{Museums Around the World in the Face of COVID-19}},
url = {https://unesdoc.unesco.org/ark:/48223/pf0000373530/PDF/373530eng.pdf.multi},
year = {2020}
}
@techreport{InternationalCouncilofMuseums2020b,
author = {{International Council of Museums}},
file = {:Users/myrsinisamaroudi/Documents/Mendeley/Report-Museums-and-COVID-19.pdf:pdf},
keywords = {Covid},
mendeley-tags = {Covid},
pages = {1--22},
title = {{Museums, museum professionals and COVID-19}},
url = {https://icom.museum/wp-content/uploads/2020/05/Report-Museums-and-COVID-19.pdf},
year = {2020}
}
@misc{Wikipedia,
author = {Wikipedia},
booktitle = {Wikipedia - The Free Encyclopedia},
keywords = {Covid},
mendeley-tags = {Covid},
title = {{List of most visited museums by region}},
url = {https://en.wikipedia.org/wiki/List_of_most_visited_museums_by_region}
}
@misc{Wikipediaa,
author = {Wikipedia},
booktitle = {Wikipedia - The Free Encyclopedia},
keywords = {Covid},
mendeley-tags = {Covid},
title = {{List of most visited museums in the United Kingdom}}
}
@misc{fieldmuseum,
author = {{Field Museum}},
title = {{Field Explorers Virtual Summer Camp}},
url = {https://www.fieldmuseum.org/our-events/field-explorers-virtual-summer-camp},
year   = "2020 (accessed July 29, 2020)"
}
@misc{VizcayaMuseum&Gardens,
author = {{Vizcaya Museum {\&} Gardens}},
keywords = {Covid},
mendeley-tags = {Covid},
title = {{Vizcaya Museum {\&} Gardens Virtual Tour}},
url = {https://vizcaya.org/virtualtour/index.html}
}
@misc{GoogleArts&Culture,
author = {{Google Arts {\&} Culture}},
keywords = {Covid},
mendeley-tags = {Covid},
title = {{Smithsonian's National Air and Space Museum Google street view exploration}},
url = {https://artsandculture.google.com/streetview/national-air-and-space-museum-washington-dc-second-floor/mAGIjNwvdyVBNA?sv{\_}lng=-77.01985119124066{\&}sv{\_}lat=38.88814141871478{\&}sv{\_}h=177.8{\&}sv{\_}p=-13.299999999999997{\&}sv{\_}pid=7Tb8VlE8GxmLwjrXMB8XCw{\&}sv{\_}z=1}
}
@misc{BirminghamMuseum&ArtGallery,
author = {{Birmingham Museum {\&} Art Gallery}},
keywords = {Covid},
mendeley-tags = {Covid},
title = {{Birmingham Museum {\&} Art Gallery Virtual tour}}
}
@misc{GoogleArts&Culturea,
author = {{Google Arts {\&} Culture}},
keywords = {Covid},
mendeley-tags = {Covid},
title = {{Discovery Museum Google street view exploration}},
url = {https://artsandculture.google.com/streetview/discovery-museum/hQHGq2lFEefXPA}
}
@misc{Kew2020,
author = {{Kew, Royal Botanic Gardens}},
keywords = {Covid},
mendeley-tags = {Covid},
title = {{Virtual tour: Inside our Palm House}},
year = {2020}
}
@misc{VizcayaMuseum&Gardens2020,
author = {{Vizcaya Museum {\&} Gardens}},
keywords = {Covid},
mendeley-tags = {Covid},
title = {{LIVE Tour of the Statuary Walk}},
year = {2020}
}
@misc{ArchaeologyAlexandria2020,
author = {{Archaeology Alexandria}},
keywords = {Covid},
mendeley-tags = {Covid},
title = {{Drone Footage of Alexandria's Historic Ships}},
year = {2020}
}
@misc{FrankLloydWrightFoundation,
author = {{Frank Lloyd Wright Foundation}},
keywords = {Covid},
mendeley-tags = {Covid},
title = {{Taliesin West}},
url = {https://my.matterport.com/show/?m=iWvNCvUJxvg}
}
@misc{britishsketchfab,
author = {{The British Museum}},
title = {{Sketchfab: The British Museum}},
url = {https://sketchfab.com/britishmuseum},
year   = "2020 (accessed July 30, 2020)"
}
@misc{ScienceMuseumsketchfab,
author = {{Science Museum}},
title = {{Sketchfab: Science Museum}},
url = {https://sketchfab.com/sciencemuseum},
year   = "2020 (accessed July 30, 2020)"
}
@misc{vizcayalidar,
author = {{Vizcaya Museum and Gardens}},
title = {{Virtual Vizcaya}},
url = {http://virtualvizcaya.org/3d-documentation.html},
year   = "2020 (accessed July 30, 2020)"
}
@misc{scieskull,
author = {{Museum of Science}},
title = {{Mystery Skulls}},
url = {http://virtualexhibits.mos.org/mystery-skulls/},
year   = "2020 (accessed July 30, 2020)"
}